@article{de1999implementation,
  title={Implementation of bending-torsion coupling in the design of a wind-turbine rotor-blade},
  author={De Goeij, WC and Van Tooren, MJL and Beukers, Adriaan},
  journal={Applied Energy},
  volume={63},
  number={3},
  pages={191--207},
  year={1999},
  publisher={Elsevier}
}

@article{younsi2001dynamic,
  title={Dynamic study of a wind turbine blade with horizontal axis},
  author={Younsi, Rachid and El-Batanony, Ismail and Tritsch, Jeur-Bernard and Naji, Hassan and Landjerit, Bernard},
  journal={European Journal of Mechanics-A/Solids},
  volume={20},
  number={2},
  pages={241--252},
  year={2001},
  publisher={Elsevier}
}

@article{armenta2021predictive,
  title={Predictive Model of Wind Turbine Rotor-Blade Deflection},
  author={Armenta-Déu, Carlos and Renoud-Grappin, Antoine},
  journal={Journal of Offshore Structure and Technology},
  volume={8},
  pages={49--63},
  year={2021},
  publisher={STM Journals}
}

%https://files.eric.ed.gov/fulltext/EJ1083242.pdf       Papiro de moscú john w harris
% https://mathworld.wolfram.com/PyramidalFrustum.html
@article{butuner2015using,
  title={Using History of Mathematics to Teach Volume Formula of Frustum Pyramids: Dissection Method.},
  author={Butuner, Suphi Onder},
  journal={Universal Journal of Educational Research},
  volume={3},
  number={12},
  pages={1034--1048},
  year={2015},
  publisher={ERIC}
}

% Artículo sobre espesor variable https://journals.pan.pl/Content/109465/PDF/AME_125441.pdf
@article{kulkarni2018variable,
  title={Variable thickness approach for finding minimum laminate thickness and investigating effect of different design variables on its performance},
  author={Kulkarni, Nishant Shashikant and Tripathi, Vipin Kumar},
  journal={Archive of Mechanical Engineering},
  volume={65},
  number={4},
  year={2018}
}

%El artículo original del papiro de moscú
@article{gunn1929four, 
  title={Four geometrical problems from the Moscow mathematical papyrus},
  author={Gunn, Battiscombe and Peet, T Eric},
  journal={The Journal of Egyptian Archaeology},
  volume={15},
  number={1},
  pages={167--185},
  year={1929},
  publisher={SAGE Publications Sage UK: London, England}
}